@article{Katz2018,
	author = {Katz, Raul},
	journal = {Centro de Estudios de Telecomunicaciones de America Latina},
	title = {{La digitalización: Una clave para el futuro crecimiento de la productividad en América Latina.}},
	url = {http://cet.la/estudios/cet-la/la-digitalizacion-una-clave-futuro-crecimiento-la-productividad-america-latina/#.},
	year = {2018}
}

@article{Katz2012,
	author = {Katz, Raul},
	journal = {International Union of Telecommunications},
	title = {{Impact of broadband on the economy.}},
	url = {https://www.itu.int/ITU-D/treg/broadband/ITU-BB-Reports_Impact-of-Broadband-on-the-Economy.pdf.},
	year = {2012}
}

@article{PRADHAN2014634,
	title = "Economic growth and the development of telecommunications infrastructure in the G-20 countries: A panel-VAR approach",
	journal = "Telecommunications Policy",
	volume = "38",
	number = "7",
	pages = "634 - 649",
	year = "2014",
	issn = "0308-5961",
	doi = "https://doi.org/10.1016/j.telpol.2014.03.001",
	url = "http://www.sciencedirect.com/science/article/pii/S0308596114000445",
	author = "Rudra P. Pradhan and Mak B. Arvin and Neville R. Norman and Samadhan K. Bele",
	keywords = "Telecommunications infrastructure, Economic growth, Macroeconomic variables, Panel VAR, Granger causality",
	abstract = "This paper examines the linkages between the development of telecommunications infrastructure (DTI), economic growth, and four key indicators of operation of a modern economy: gross capital formation, foreign direct investment inflows, urbanization rates, and trade openness. By studying the G-20 countries over the period 1991–2012 and employing a panel vector auto-regressive model for detecting Granger causality, we find a network of long-run causal connections between these variables, including bidirectional causality between DTI and economic growth."
}

@article{IFT2017,
	author = {IFT},
	journal = {Pagina electronica del Instituto Federal de Telecomunicaciones},
	title = {{Las telecomunicaciones a 4 años de la Reforma Constitucional en México.}},
	url = {http://www.ift.org.mx/sites/default/files/contenidogeneral/estadisticas/a4anosdelareformaacc.pdf},
	year = {2017}
}

@article{IFT2018,
	author = {IFT},
	journal = {Pagina electronica del Instituto Federal de Telecomunicaciones},
	title = {{Accesos a Banda Ancha Fija crecen 37\% a partir de la Reforma en Telecomunicaciones (Comunicado 019/2018) 4 de marzo.}},
	url = {http://www.ift.org.mx/comunicacion-y-medios/comunicados-ift/es/accesos-banda-ancha-fija-crecen-37-partir-de-la-reforma-en-telecomunicaciones-comunicado-0192018-4.},
	year = {2018}
}

@article{IFT2019,
	author = {IFT},
	journal = {Pagina electronica del Instituto Federal de Telecomunicaciones},
	title = {{México entre los países con mayor crecimiento de Banda Ancha Fija: OCDE (Comunicado 32/2019) 9 de julio}},
	url = {http://www.ift.org.mx/comunicacion-y-medios/comunicados-ift/es/mexico-entre-los-paises-con-mayor-crecimiento-de-banda-ancha-fija-ocde-comunicado-322019-9-de-julio},
	year = {2019}
}

@article{ENDUTIH2018,
	author = {INEGI},
	journal = {Pagina electronica del Instituto Nacional de Estadística y Geografía},
	title = {{Encuesta Nacional sobre Disponibilidad y Uso de Tecnologías de la Información en los Hogares (ENDUTIH) 2018}},
	url = {https://www.inegi.org.mx/programas/dutih/2018/},
	year = {2018}
}

@article{IFT2018man,
	author = {IFT},
	journal = {Pagina electronica del Instituto Federal de Telecomunicaciones},
	title = {{Manual de definiciones de los indicadores estadísticos de
	telecomunicaciones}},
	url = {http://www.ift.org.mx/sites/default/files/contenidogeneral/estadisticas/manualdefinicionesmarzo2018.pdf},
	year = {2018}
}

@article{IFT2017reb,
	author = {Escobar, Rebeca},
	journal = {Pagina electronica del Centro de Estudios del Instituto Federal de Telecomunicaciones},
	title = {{Disponibilidad municipal de la Infraestructura de Telecomunicaciones.}},
	url = {http://centrodeestudios.ift.org.mx/documentos/publicaciones/2017/Disponibilidad-Municipal-de-la-Infraestructura-de-Telecomunicaciones.pdf},
	year = {2017}
}

@article{Hanafizadeh,
	author = {Hanafizadeh, Payam and Hanafizadeh, Mohammad and Khodabakhshi, Mohsen},
	year = {2009},
	month = {07},
	pages = {236-247},
	title = {Extracting Core ICT Indicators Using Entropy Method},
	volume = {25},
	journal = {The Information Society},
	doi = {10.1080/01972240903028490}
}

@article{OCDE,
	author = {Organización para la Cooperación y el Desarrollo Económicos},
	journal = {http://www.oecd.org/sti/broadband/broadband-faqs.htm},
	title = {{Broadband Frequently Asked Questions}},
	url = {http://www.ift.org.mx/sites/default/files/contenidogeneral/estadisticas/manualdefinicionesmarzo2018.pdf},
	year = {2019}
}

@book{moya2014telecomunicaciones,
	title={Telecomunicaciones. Tecnolog{\'\i}as, Redes y Servicios. 2{\textordfeminine} edici{\'o}n actualizada},
	author={Moya, J.M.H.},
	isbn={9788499644509},
	series={Profesional},
	url={https://books.google.com.mx/books?id=CrA-DwAAQBAJ},
	year={2014},
	publisher={Grupo Editorial RA-MA}
}

@article{IFT2019BIT,
	author = {IFT},
	journal = {https://bit.ift.org.mx/BitWebApp/},
	title = {{Banco de Información de
	Telecomunicaciones}},
	url = {https://bit.ift.org.mx/BitWebApp/},
	year = {2018}
}


@article{Intercensal2015,
	author = {INEGI},
	journal = {https://www.inegi.org.mx/programas/intercensal/2015/},
	title = {{Encuesta Intercensal 2015}},
	url = {https://www.inegi.org.mx/programas/intercensal/2015/},
	year = {2015}
}

@article{CONAPO2015,
	author = {CONAPO},
	journal = {Página electrónica de la Comisión Nacional de población},
	title = {{Índice de marginación por entidad federativa y municipio 2010 y 2015}},
	url = {https://www.gob.mx/conapo/documentos/indice-de-marginacion-por-entidad-federativa-y-municipio-2015},
	year = {2010-2015}
}

@article{ONU2015,
	author = {ONU},
	journal = {Página electrónica de la Comisión Nacional de población},
	title = {{Informe de Desarrollo Humano Municipal 2010-2015. Transformando México desde lo local}},
	url = {https://www.mx.undp.org/content/mexico/es/home/library/poverty/informe-de-desarrollo-humano-municipal-2010-2015--transformando-.html},
	year = {2010-2015}
}



@article{IFTcobertura2018,
	author = {IFT},
	journal = {Página electrónica del Instituto Federal de Telecomunicaciones},
	title = {{Documento metodológico para el diagnóstico de cobertura de banda ancha a nivel municipal por Entidad Federativa}},
	url = {http://www.ift.org.mx/sites/default/files/contenidogeneral/politica-regulatoria/docume1.pdf},
	year = {2018}
}